@article{corsi2019integrating,
  title={Integrating eeg and meg signals to improve motor imagery classification in brain--computer interface},
  author={Corsi, Marie-Constance and Chavez, Mario and Schwartz, Denis and Hugueville, Laurent and Khambhati, Ankit N and Bassett, Danielle S and De Vico Fallani, Fabrizio},
  journal={International journal of neural systems},
  volume={29},
  number={01},
  pages={1850014},
  year={2019},
  publisher={World Scientific}
}
@article{KagleComp,
title = {DecMeg2014 - Decoding the Human Brain},
author={Kagle},
journal={kaggle.com},
pages={\url{https://www.kaggle.com/c/decoding-the-human-brain}},  
year={2014}
}
@article{Barachant,
title = {MEG decoding using Riemannian Geometry and
Unsupervised classification},
author={Alexandre Barachant},
journal={Github.com},
pages={\url{https://github.com/alexandrebarachant/DecMeg2014/blob/master/doc/documentation.pdf}},  
year={2014}
}
@article{vidaurre2010towards,
  title={Towards a cure for BCI illiteracy},
  author={Vidaurre, Carmen and Blankertz, Benjamin},
  journal={Brain topography},
  volume={23},
  number={2},
  pages={194--198},
  year={2010},
  publisher={Springer}
}
@article{jin2012changing,
  title={The changing face of P300 BCIs: a comparison of stimulus changes in a P300 BCI involving faces, emotion, and movement},
  author={Jin, Jing and Allison, Brendan Z and Kaufmann, Tobias and K{\"u}bler, Andrea and Zhang, Yu and Wang, Xingyu and Cichocki, Andrzej},
  journal={PloS one},
  volume={7},
  number={11},
  pages={e49688},
  year={2012},
  publisher={Public Library of Science}
}
@inproceedings{olivetti2014meg,
  title={MEG decoding across subjects},
  author={Olivetti, Emanuele and Kia, Seved Mostafa and Avesani, Paolo},
  booktitle={2014 International Workshop on Pattern Recognition in Neuroimaging},
  pages={1--4},
  year={2014},
  organization={IEEE}
}
@article{halme2018across,
  title={Across-subject offline decoding of motor imagery from MEG and EEG},
  author={Halme, Hanna-Leena and Parkkonen, Lauri},
  journal={Scientific reports},
  pages={1--12},
  year={2018}
}
@article{varoquaux2017assessing,
  title={Assessing and tuning brain decoders: cross-validation, caveats, and guidelines},
  author={Varoquaux, Ga{\"e}l and Raamana, Pradeep Reddy and Engemann, Denis A and Hoyos-Idrobo, Andr{\'e}s and Schwartz, Yannick and Thirion, Bertrand},
  journal={NeuroImage},
  volume={145},
  pages={166--179},
  year={2017},
  publisher={Elsevier}
}

@book{clerc2016brain1,
  title={Brain-Computer Interfaces 1: Methods and Perspectives},
  author={Clerc, Maureen and Bougrain, Laurent and Lotte, Fabien},
  year={2016},
  publisher={John Wiley \& Sons}
}
@book{clerc2016brain2,
  title={Brain-Computer Interfaces 2: Technology and Applications},
  author={Clerc, Maureen and Bougrain, Laurent and Lotte, Fabien},
  year={2016},
  publisher={John Wiley \& Sons}
}
@book{nam2018brain,
  title={Brain--computer interfaces handbook: technological and theoretical advances},
  author={Nam, Chang S and Nijholt, Anton and Lotte, Fabien},
  year={2018},
  publisher={CRC Press}
}
@article{carroll2009prediction,
  title={Prediction and interpretation of distributed neural activity with sparse models},
  author={Carroll, Melissa K and Cecchi, Guillermo A and Rish, Irina and Garg, Rahul and Rao, A Ravishankar},
  journal={NeuroImage},
  volume={44},
  number={1},
  pages={112--122},
  year={2009},
  publisher={Elsevier}
}